<?xml version="1.0" encoding="utf-8"?>
<record xmlns="http://www.loc.gov/MARC21/slim" xmlns:xsi="http://www.w3.org/2001/XMLSchema-instance" xsi:schemaLocation="http://www.loc.gov/MARC21/slim http://www.loc.gov/standards/marcxml/schema/MARC21slim.xsd">
	<leader>     nam a22     Mi 4500</leader>
	<controlfield tag="001">2789999</controlfield>
	<controlfield tag="003">NjP</controlfield>
	<controlfield tag="006">m        d        </controlfield>
	<controlfield tag="007">cr cn |||m|||a</controlfield>
	<controlfield tag="008">201130s1891    mr      o     000 0 ara d</controlfield>
	<datafield ind1="7" ind2=" " tag="024">
		<subfield code="a">princeton_aco004383</subfield>
		<subfield code="2">local</subfield>
	</datafield>
	<datafield ind1=" " ind2=" " tag="040">
		<subfield code="a">ZYU</subfield>
		<subfield code="b">ara</subfield>
		<subfield code="c">ZYU</subfield>
	</datafield>
	<datafield ind1="1" ind2=" " tag="100">
		<subfield code="6">880-01</subfield>
		<subfield code="a">Ibn al-Ḥājj, Aḥmad ibn Muḥammad.</subfield>
	</datafield>
	<datafield ind1="1" ind2="0" tag="240">
		<subfield code="6">880-02</subfield>
		<subfield code="a">Fatḥ al-wadūdī ʻalá sharḥ al-Makkūdī li-Alfīyat Ibn Mālik</subfield>
	</datafield>
	<datafield ind1="1" ind2="0" tag="245">
		<subfield code="6">880-03</subfield>
		<subfield code="a">Ḥāshiyat al-faqīh al-ʻālim al-ʻallāmah al-amjad al-muḥaqqiq ... Abī al-ʻAbbās Sayyidī Aḥmad ibn Muḥammad ibn Ḥamdūn ibn al-Ḥājj ʻalá Sharḥ al-Imām al-ʻārif billāh al-ʻallāmah al-muḥaqqiq Abī Zayd Sayyidī ʻAbd al-Raḥmān al-Makkūdī</subfield>
		<subfield code="h">[electronic resource].</subfield>
	</datafield>
	<datafield ind1="1" ind2=" " tag="246">
		<subfield code="6">880-04</subfield>
		<subfield code="i">Title on v. 2, t.p.:</subfield>
		<subfield code="a">Juzʼ al-thānī min Ḥāshiyat al-ʻārif al-muḥaqqiq al-mushārī Sayyidī Aḥmad ibn al-Ḥājj ʻalá Sharḥ al-Imām al-shahīr bi-al-Sayyidī ʻAbd al-Raḥmān al-Makkūdī</subfield>
	</datafield>
	<datafield ind1=" " ind2=" " tag="260">
		<subfield code="a">[Morocco :</subfield>
		<subfield code="b">s.n.],</subfield>
		<subfield code="c">1308 [1891]</subfield>
	</datafield>
	<datafield ind1=" " ind2=" " tag="300">
		<subfield code="a">online resource (2 v.)</subfield>
	</datafield>
	<datafield ind1=" " ind2=" " tag="500">
		<subfield code="6">880-05</subfield>
		<subfield code="a">&quot;al-Ḥāshiyah bi-al-aṣl wa-al-sharḥ bi-al-hāmish.&quot;</subfield>
	</datafield>
	<datafield ind1=" " ind2=" " tag="500">
		<subfield code="a">Part of the Arabic Collections Online (ACO) project, contributed by Princeton University Libraries.</subfield>
	</datafield>
	<datafield ind1=" " ind2=" " tag="533">
		<subfield code="a">Electronic reproduction.</subfield>
		<subfield code="b">New York, N.Y. :</subfield>
		<subfield code="c">New York University,</subfield>
		<subfield code="d">2020.</subfield>
		<subfield code="5">NNU</subfield>
	</datafield>
	<datafield ind1="1" ind2="0" tag="600">
		<subfield code="6">880-06</subfield>
		<subfield code="a">Makkūdī, ʻAbd al-Raḥmān ibn ʻAlī,</subfield>
		<subfield code="d">-1404 or 1405.</subfield>
		<subfield code="t">Sharḥ al-Makkūdī ʻalá Alfīyat Ibn Mālik.</subfield>
	</datafield>
	<datafield ind1="1" ind2="0" tag="600">
		<subfield code="6">880-07</subfield>
		<subfield code="a">Ibn Mālik, Muḥammad ibn ʻAbd Allāh,</subfield>
		<subfield code="d">d. 1274.</subfield>
		<subfield code="t">Alfīyah.</subfield>
		<subfield code="0">http://id.loc.gov/authorities/names/n83056203</subfield>
	</datafield>
	<datafield ind1=" " ind2="0" tag="650">
		<subfield code="a">Arabic language</subfield>
		<subfield code="x">Grammar</subfield>
		<subfield code="v">Early works to 1800.</subfield>
		<subfield code="0">http://id.loc.gov/authorities/subjects/sh86000284</subfield>
	</datafield>
	<datafield ind1=" " ind2="7" tag="655">
		<subfield code="a">Lithographs</subfield>
		<subfield code="z">Morocco</subfield>
		<subfield code="y">1891</subfield>
		<subfield code="2">gmgpc</subfield>
	</datafield>
	<datafield ind1="1" ind2="2" tag="700">
		<subfield code="6">880-08</subfield>
		<subfield code="a">Makkūdī, ʻAbd al-Raḥmān ibn ʻAlī,</subfield>
		<subfield code="d">-1404 or 1405.</subfield>
		<subfield code="t">Sharḥ al-Makkūdī ʻalá Alfīyat Ibn Mālik.</subfield>
		<subfield code="0">http://id.loc.gov/authorities/names/nr92026099</subfield>
	</datafield>
	<datafield ind1="2" ind2=" " tag="710">
		<subfield code="a">Princeton University.</subfield>
		<subfield code="b">Library.</subfield>
	</datafield>
	<datafield ind1="0" ind2=" " tag="730">
		<subfield code="a">Arabic Collections Online.</subfield>
	</datafield>
	<datafield ind1="0" ind2=" " tag="740">
		<subfield code="6">880-09</subfield>
		<subfield code="a">Sharḥ al-Makkūdī ʻalá Alfīyat Ibn Mālik.</subfield>
	</datafield>
	<datafield ind1="0" ind2="8" tag="776">
		<subfield code="i">Print version:</subfield>
		<subfield code="a">Ibn al-Ḥājj, Aḥmad ibn Muḥammad.</subfield>
		<subfield code="t">Ḥāshiyat al-faqīh al-ʻālim al-ʻallāmah al-amjad al-muḥaqqiq ... Abī al-ʻAbbās Sayyidī Aḥmad ibn Muḥammad ibn Ḥamdūn ibn al-Ḥājj ʻalá Sharḥ al-Imām al-ʻārif billāh al-ʻallāmah al-muḥaqqiq Abī Zayd Sayyidī ʻAbd al-Raḥmān al-Makkūdī</subfield>
		<subfield code="w">(NjP)2789999</subfield>
	</datafield>
	<datafield ind1="4" ind2=" " tag="856">
		<subfield code="u">http://catalog.hathitrust.org/Record/009036535</subfield>
	</datafield>
	<datafield ind1="4" ind2="0" tag="856">
		<subfield code="u">http://hdl.handle.net/2333.1/dr7sr5dj</subfield>
	</datafield>
	<datafield ind1="1" ind2=" " tag="880">
		<subfield code="6">100-01</subfield>
		<subfield code="a">ابن الحاج، احمد بن محمد.</subfield>
	</datafield>
	<datafield ind1="1" ind2="0" tag="880">
		<subfield code="6">240-02</subfield>
		<subfield code="a">فتح الودودي على شرح المكودي لالفية ابن مالك</subfield>
	</datafield>
	<datafield ind1="1" ind2="0" tag="880">
		<subfield code="6">245-03</subfield>
		<subfield code="a">حاشية الفقيه العالم العلامة الامجد المحقق ... ابي العباس سيدي احمد بن محمد بن حمدون بن الحاج على شرح الامام العارف بالله العلامة المحقق ابي زيد سيدي عبد الرحمن المكودي.</subfield>
	</datafield>
	<datafield ind1="1" ind2=" " tag="880">
		<subfield code="6">246-04</subfield>
		<subfield code="i">Title on v. 2, t.p.:</subfield>
		<subfield code="a">جزء الثاني من حاشية العارف المحقق المشاري سيدي احمد بن الحاج على شرح الامام الشهير بالسيدي عبد الرحمن المكودي</subfield>
	</datafield>
	<datafield ind1=" " ind2=" " tag="880">
		<subfield code="6">500-05</subfield>
		<subfield code="a">&quot;الحاشية بالاصل والشرح بالهامش.&quot;</subfield>
	</datafield>
	<datafield ind1="1" ind2="4" tag="880">
		<subfield code="6">600-06</subfield>
		<subfield code="a">مكودي، عبد الرحمن بن علي،</subfield>
		<subfield code="d">-1404 or 1405.</subfield>
		<subfield code="t">شرح المكودي على الفية ابن مالك.</subfield>
	</datafield>
	<datafield ind1="1" ind2="0" tag="880">
		<subfield code="6">600-07</subfield>
		<subfield code="a">ابن مالك، محمد بن عبد الله،</subfield>
		<subfield code="d">d. 1274.</subfield>
		<subfield code="t">الفية.</subfield>
	</datafield>
	<datafield ind1="1" ind2="2" tag="880">
		<subfield code="6">700-08</subfield>
		<subfield code="a">مكودي، عبد الرحمن بن علي،</subfield>
		<subfield code="d">-1404 or 1405.</subfield>
		<subfield code="t">شرح المكودي على الفية ابن مالك.</subfield>
	</datafield>
	<datafield ind1="0" ind2=" " tag="880">
		<subfield code="6">740-09</subfield>
		<subfield code="a">شرح المكودي على الفية ابن مالك.</subfield>
	</datafield>
	<datafield ind1=" " ind2=" " tag="948">
		<subfield code="a">jeb</subfield>
	</datafield>
	<datafield ind1=" " ind2=" " tag="911">
		<subfield code="a">20000203</subfield>
	</datafield>
	<datafield ind1=" " ind2=" " tag="912">
		<subfield code="a">20000218040356.0</subfield>
	</datafield>
	<datafield ind1=" " ind2=" " tag="959">
		<subfield code="a">NNU</subfield>
		<subfield code="b">WEB</subfield>
		<subfield code="c">GENI</subfield>
		<subfield code="t">0</subfield>
		<subfield code="m">Electronic access</subfield>
		<subfield code="s">01</subfield>
	</datafield>
	<datafield ind1=" " ind2=" " tag="999">
		<subfield code="a">2789999</subfield>
		<subfield code="s">princeton_aco004383:juz.2</subfield>
		<subfield code="s">princeton_aco004384:juz 1</subfield>
	</datafield>
	<datafield ind1=" " ind2=" " tag="979">
		<subfield code="a">(OCoLC)ocn178711760</subfield>
	</datafield>
	<datafield ind1=" " ind2="0" tag="866">
		<subfield code="0">3101055</subfield>
		<subfield code="a">Juz 1-2</subfield>
	</datafield>
	<datafield ind1=" " ind2=" " tag="959">
		<subfield code="a">2000-06-08 00:00:00 -0500</subfield>
	</datafield>
</record>
